% Encoding: UTF-8

@Article{Bates2014,
  author        = {Bates, Douglas and Mächler, Martin and Bolker, Ben and Walker, Steve},
  title         = {Fitting linear mixed-effects models using lme4},
  journal       = {arXiv preprint arXiv:1406.5823},
  year          = {2014},
  __markedentry = {[rozyl:6]},
}

@Book{Boitani2000,
  title         = {Research techniques in animal ecology: controversies and consequences},
  year          = {2000},
  author        = {Boitani, Luigi and Fuller, Todd},
  isbn          = {0231501390},
  publisher = {Columbia University Press},
  edition   = 2,
  __markedentry = {[rozyl:6]},
}

@Article{Bridge2011,
  author        = {Bridge, Eli S and Thorup, Kasper and Bowlin, Melissa S and Chilson, Phillip B and Diehl, Robert H and Fléron, René W and Hartl, Phillip and Kays, Roland and Kelly, Jeffrey F and Robinson, W Douglas},
  title         = {Technology on the move: recent and forthcoming innovations for tracking migratory birds},
  journal       = {Bioscience},
  year          = {2011},
  volume        = {61},
  number        = {9},
  pages         = {689-698},
  __markedentry = {[rozyl:6]},
  isbn          = {1525-3244},
}

@Article{Carslaw2012,
  author        = {Carslaw, David C and Ropkins, Karl},
  title         = {Openair—an R package for air quality data analysis},
  journal       = {Environmental Modelling \& Software},
  year          = {2012},
  volume        = {27},
  pages         = {52-61},
  __markedentry = {[rozyl:6]},
  isbn          = {1364-8152},
}

@Article{Christin2015,
  author        = {Christin, S. and St-Laurent, M. H. and Berteaux, D.},
  title         = {Evaluation of Argos Telemetry Accuracy in the High-Arctic and Implications for the Estimation of Home-Range Size},
  journal       = {PLOS ONE},
  year          = {2015},
  volume        = {10},
  number        = {11},
  pages         = {e0141999},
  doi           = {10.1371/journal.pone.0141999},
  isbn          = {1932-6203 (Electronic) 1932-6203 (Linking)},
}

@Book{CLS2016,
  author        = {CLS},
  title         = {Argos User's Manual},
  publisher = {Collecte Localisation Satellites},
  year          = {2016},
  lastchecked     = {07/22/2018},
  originalyear = {15.06.2016},
  url           = {http://www.argos-system.org/manual/},
}

@Article{Costa2010,
  author        = {Costa, D. P. and Robinson, P. W. and Arnould, J. P. and Harrison, A. L. and Simmons, S. E. and Hassrick, J. L. and Hoskins, A. J. and Kirkman, S. P. and Oosthuizen, H. and Villegas-Amtmann, S. and Crocker, D. E.},
  title         = {Accuracy of ARGOS locations of Pinnipeds at-sea estimated using Fastloc GPS},
  journal       = {PLOS ONE},
  year          = {2010},
  volume        = {5},
  number        = {1},
  pages         = {e8677},
  doi           = {10.1371/journal.pone.0008677},
  isbn          = {1932-6203},
}

@Article{Dinno2017,
  author        = {Dinno, Alexis},
  title         = {dunn. test: Dunn’s test of multiple comparisons using rank sums},
  year          = {2017},
  __markedentry = {[rozyl:6]},
  url           = {https://CRAN.R-project.org/package=dunn.test},
}

@Article{Doherty2017,
  author        = {Doherty, PD and Baxter, JM and Gell, FR and Godley, BJ and Graham, RT and Hall, G and Hall, J and Hawkes, LA and Henderson, SM and Johnson, L},
  title         = {Long-term satellite tracking reveals variable seasonal migration strategies of basking sharks in the north-east Atlantic},
  journal       = {Scientific reports},
  year          = {2017},
  volume        = {7},
  pages         = {42837},
  __markedentry = {[rozyl:6]},
  isbn          = {2045-2322},
}

@Article{Douglas2012,
  author        = {Douglas, David C. and Weinzierl, Rolf and C. Davidson, Sarah and Kays, Roland and Wikelski, Martin and Bohrer, Gil and Giuggioli, Luca},
  title         = {Moderating Argos location errors in animal tracking data},
  journal       = {Methods in Ecology and Evolution},
  year          = {2012},
  volume        = {3},
  number        = {6},
  pages         = {999-1007},
  __markedentry = {[rozyl:6]},
  doi           = {10.1111/j.2041-210X.2012.00245.x},
  isbn          = {2041210X},
}

@Article{Dubinin2010,
  author        = {Dubinin, Maxim and Lushchekina, Anna and Radeloff, Volker C.},
  title         = {Performance and accuracy of Argos transmitters for wildlife monitoring in Southern Russia},
  journal       = {European Journal of Wildlife Research},
  year          = {2010},
  volume        = {56},
  number        = {3},
  pages         = {459-463},
  __markedentry = {[rozyl:6]},
  doi           = {10.1007/s10344-009-0354-4},
  isbn          = {1612-4642 1439-0574},
}

@Article{Dujon2014,
  author        = {Dujon, Antoine M. and Lindstrom, R. Todd and Hays, Graeme C. and Backwell, Patricia},
  title         = {The accuracy of Fastloc-GPS locations and implications for animal tracking},
  journal       = {Methods in Ecology and Evolution},
  year          = {2014},
  volume        = {5},
  number        = {11},
  pages         = {1162-1169},
  __markedentry = {[rozyl:6]},
  doi           = {10.1111/2041-210x.12286},
  isbn          = {2041210X},
}

@Article{Freitas2008,
  author        = {Freitas, Carla and Lydersen, Christian and Fedak, Michael A and Kovacs, Kit M},
  title         = {A simple new algorithm to filter marine mammal Argos locations},
  journal       = {Marine Mammal Science},
  year          = {2008},
  volume        = {24},
  number        = {2},
  pages         = {315-325},
  __markedentry = {[rozyl:6]},
  isbn          = {1748-7692},
}

@Article{Gros2006,
  author        = {Gros, Philippe and Malardé, JP and Woodward, B},
  title         = {Argos performance in Europe},
  journal       = {Tracker News},
  year          = {2006},
  volume        = {7},
  number        = {8}},
}

@Article{Hijmans2017,
  author        = {Hijmans, Robert J and Williams, Ed and Vennes, Chris},
  title         = {Package ‘geosphere’. Spherical Trigonometry.},
  year          = {2017}},
  url           = {https://CRAN.R-project.org/package=geosphere},
}

@Book{Hooten2017,
  title         = {Animal movement: statistical models for telemetry data},
  year          = {2017},
  author        = {Hooten, Mevin B and Johnson, Devin S and McClintock, Brett T and Morales, Juan M},
  publisher ={CRC Press},
  isbn          = {1466582154},
  __markedentry = {[rozyl:6]},
}

@Article{Jacqmin-Gadda2007,
  author        = {Jacqmin-Gadda, Hélène and Sibillot, Solenne and Proust, Cécile and Molina, Jean-Michel and Thiébaut, Rodolphe},
  title         = {Robustness of the linear mixed model to misspecified error distribution},
  journal       = {Computational Statistics \& Data Analysis},
  year          = {2007},
  volume        = {51},
  number        = {10},
  pages         = {5142-5154},
  __markedentry = {[rozyl:6]},
  doi           = {10.1016/j.csda.2006.05.021},
  isbn          = {01679473},
}

@Article{Jonsen2005,
  author        = {Jonsen, Ian D and Flemming, Joanna Mills and Myers, Ransom A},
  title         = {Robust state–space modeling of animal movement data},
  journal       = {Ecology},
  year          = {2005},
  volume        = {86},
  number        = {11},
  pages         = {2874-2880},
  __markedentry = {[rozyl:6]},
  isbn          = {1939-9170},
}

@Article{Kranstauber2011,
  author        = {Kranstauber, Bart and Cameron, Alison and Weinzerl, R and Fountain, Tony and Tilak, Sameer and Wikelski, Martin and Kays, Roland},
  title         = {The Movebank data model for animal tracking},
  journal       = {Environmental Modelling \& Software},
  year          = {2011},
  volume        = {26},
  number        = {6},
  pages         = {834-835},
  isbn          = {1364-8152},
}

@Article{Kuhn2009,
  author        = {Kuhn, C. E. and Johnson, D. S. and Ream, R. R. and Gelatt, T. S.},
  title         = {Advances in the tracking of marine species: using GPS locations to evaluate satellite track data and a continuous-time movement model},
  journal       = {Marine Ecology Progress Series},
  year          = {2009},
  volume        = {393},
  pages         = {97-109},
  doi           = {10.3354/meps08229},
  isbn          = {0171-8630 1616-1599},
}

@Article{Lopez2015,
  author        = {Lopez, Rémy and Malardé, Jean-Pierre and Danès, Patrick and Gaspar, Philippe},
  title         = {Improving Argos Doppler location using multiple-model smoothing},
  journal       = {Animal Biotelemetry},
  year          = {2015},
  volume        = {3},
  number        = {1},
  pages         = {32},
  isbn          = {2050-3385},
}

@Article{Lowther2015,
  author        = {Lowther, A. D. and Lydersen, C. and Fedak, M. A. and Lovell, P. and Kovacs, K. M.},
  title         = {The Argos-CLS Kalman Filter: Error Structures and State-Space Modelling Relative to Fastloc GPS Data},
  journal       = {PLOS ONE},
  year          = {2015},
  volume        = {10},
  number        = {4},
  doi           = {10.1371/journal.pone.0124754},
}

@Book{Madry2015,
  title         = {Global navigation satellite systems and their applications},
  year          = {2015},
  series = {SpringerBriefs in Space Development},
  publisher={Springer},
  author        = {Madry, Scott},
  isbn          = {1493926071},
}

@Article{Marini2018,
  author        = {Marini, Lorenzo and Bartomeus, Ignasi and Rader, Romina and Lami, Francesco},
  year          = {2018},
  __markedentry = {[rozyl:6]},
  doi           = {10.1101/326041},
}

@Article{Nicholls2007,
  author        = {Nicholls, DG and Robertson, CJR and Murray, MD},
  title         = {Measuring accuracy and precision for CLS: Argos satellite telemetry locations},
  journal       = {Notornis},
  year          = {2007},
  volume        = {54},
  number        = {3},
  pages         = {137-157},
  __markedentry = {[rozyl:6]},
}

@Article{Pettorelli2014,
  author        = {Pettorelli, Nathalie and Laurance, William F and O'Brien, Timothy G and Wegmann, Martin and Nagendra, Harini and Turner, Woody},
  title         = {Satellite remote sensing for applied ecologists: opportunities and challenges},
  journal       = {Journal of Applied Ecology},
  year          = {2014},
  volume        = {51},
  number        = {4},
  pages         = {839-848},
  isbn          = {0021-8901},
}

@Article{Pop2018,
  author        = {Pop, Ioan Mihai and Bereczky, Leonardo and Chiriac, Silviu and Iosif, Ruben and Nita, Andreea and Popescu, Viorel Dan and Rozylowicz, Laurențiu},
  title         = {Movement ecology of brown bears (Ursus arctos) in the Romanian Eastern Carpathians},
  journal       = {Nature Conservation},
  year          = {2018},
  volume        = {26},
  pages         = {15},
  isbn          = {1314-3301},
}

@Article{RCoreTeam2011,
  author        = {R Core Team,},
  title         = {R: A language and environment for statistical computing},
  year          = {2011},
  __markedentry = {[rozyl:6]},
  isbn          = {3-900051-07-0},
  url           = {http://www.R-project.org/},
}

@Article{Riley1999,
  author        = {Riley, Shawn J},
  title         = {Index that quantifies topographic heterogeneity},
  journal       = {intermountain Journal of sciences},
  year          = {1999},
  volume        = {5},
  number        = {1-4},
  pages         = {23-27},
}

@Article{Rozylowicz2013,
  author        = {Rozylowicz, Laurentiu and Popescu, Viorel D},
  title         = {Habitat selection and movement ecology of eastern Hermann’s tortoises in a rural Romanian landscape},
  journal       = {European journal of wildlife research},
  year          = {2013},
  volume        = {59},
  number        = {1},
  pages         = {47-55},
  isbn          = {1612-4642},
}

@Article{Sauder2012,
  author        = {Sauder, Joel D. and Rachlow, Janet L. and Wiest, Michelle M.},
  title         = {Influence of topography and canopy cover on argos satellite telemetry performance},
  journal       = {Wildlife Society Bulletin},
  year          = {2012},
  volume        = {36},
  number        = {4},
  pages         = {813-819},
  __markedentry = {[rozyl:6]},
  doi           = {10.1002/wsb.157},
  isbn          = {19385463},
}

@Article{Sikes2016,
  author        = {Sikes, R. S. and Animal, Care and Use Committee of the American Society of, Mammalogists},
  title         = {2016 Guidelines of the American Society of Mammalogists for the use of wild mammals in research and education},
  journal       = {Journal of Mammalogy},
  year          = {2016},
  volume        = {97},
  number        = {3},
  pages         = {663-688}},
  doi           = {10.1093/jmammal/gyw078},
  isbn          = {0022-2372},
}

@Article{Silva2014,
  author        = {Silva, Mónica A and Jonsen, Ian and Russell, Deborah JF and Prieto, Rui and Thompson, Dave and Baumgartner, Mark F},
  title         = {Assessing performance of Bayesian state-space models fit to Argos satellite telemetry locations processed with Kalman filtering},
  journal       = {PLOS ONE},
  year          = {2014},
  volume        = {9},
  number        = {3},
  pages         = {e92277},
  isbn          = {1932-6203},
}

@Book{Silvy2012,
  title         = {The Wildlife Techniques Manual: Volume 1: Research. Volume 2: Management 2-vol. Set},
  year          = {2012},
  author        = {Silvy, Nova J},
  publisher = {Johns Hopkins University Press},
  edition ={7},
  isbn          = {1421406977},
}

@Article{Soutullo2007,
  author        = {Soutullo, Alvaro and CadahÍA, Luis and Urios, Vicente and Ferrer, Miguel and Negro, Juan JosÉ},
  title         = {Accuracy of Lightweight Satellite Telemetry: a Case Study in the Iberian Peninsula},
  journal       = {Journal of Wildlife Management},
  year          = {2007},
  volume        = {71},
  number        = {3},
  pages         = {1010-1015},
  doi           = {10.2193/2006-042},
  isbn          = {0022-541X 1937-2817},
}

@Article{Thomas2012,
  author        = {Thomas, Bindi and Holland, John D and Minot, Edward O},
  title         = {Wildlife tracking technology options and cost considerations},
  journal       = {Wildlife Research},
  year          = {2012},
  volume        = {38},
  number        = {8},
  pages         = {653-663},
  isbn          = {1448-5494},
}

@Book{White2012,
  title         = {Analysis of wildlife radio-tracking data},
  year          = {2012},
  author        = {White, Gary C and Garrott, Robert A},
  isbn          = {0080926576},
  publisher = {Elsevier},
}

@Book{Wickham2018,
  author        = {Wickham, Hadley and Francois, Romain and Henry, Lionel and Müller, K},
  title         = {dplyr: A grammar of data manipulation},
  year          = {2018},
  publisher = {RStudio},
  url           = {https://CRAN.R-project.org/package=dplyr},
}

@Book{Wickham2016,
  title         = {R for data science: import, tidy, transform, visualize, and model data},
  year          = {2016},
  author        = {Wickham, Hadley and Grolemund, Garrett},
  publisher = {O’Reilly},
  isbn          = {1491910364},
}

@Article{Witt2010,
  author        = {Witt, M. J. and Åkesson, S. and Broderick, A. C. and Coyne, M. S. and Ellick, J. and Formia, A. and Hays, G. C. and Luschi, P. and Stroud, Stedson and Godley, B. J.},
  title         = {Assessing accuracy and utility of satellite-tracking data using Argos-linked Fastloc-GPS},
  journal       = {Animal Behaviour},
  year          = {2010},
  volume        = {80},
  number        = {3},
  pages         = {571-581},
  __markedentry = {[rozyl:6]},
  doi           = {10.1016/j.anbehav.2010.05.022},
  isbn          = {00033472},
}

@book{laurentiu_rozylowicz_2018_1321250,
  author       = {Rozylowicz, L.},
  title        = {{Filtrare și prelucrare date localizare ARGOS 
                   Doppler}},
  year         = 2018,
  publisher = {Universitatea din București},
  url          = {https://doi.org/10.5281/zenodo.1321250}
}

@book{begon_harper_townsend_2006, place={US}, title={Ecology: Individuals, populations and communities}, publisher={Blackwell Science}, author={Begon, Michael and Harper, John L. and Townsend, Colin R.}, year={2006}}

@article{blondel_chessel_frochot_1988, title={Bird Species Impoverishment, Niche Expansion, and Density Inflation in Mediterranean Island Habitats}, volume={69}, DOI={10.2307/1941167}, number={6}, journal={Ecology}, author={Blondel, Jacques and Chessel, Daniel and Frochot, Bernard}, year={1988}, pages={1899–1917}}

@article{christensen_radford_2018, title={Dear enemies or nasty neighbors? Causes and consequences of variation in the responses of group-living species to territorial intrusions}, DOI={10.1093/beheco/ary010}, journal={Behavioral Ecology}, author={Christensen, Charlotte and Radford, Andrew N}, year={2018}}

@article{frid_dill_2002, title={Human-caused Disturbance Stimuli as a Form of Predation Risk}, volume={6}, DOI={10.5751/es-00404-060111}, number={1}, journal={Conservation Ecology}, author={Frid, Alejandro and Dill, Lawrence M.}, year={2002}}

@article{gaillard_festa-bianchet_yoccoz_1998, title={Population dynamics of large herbivores: variable recruitment with constant adult survival}, volume={13}, DOI={10.1016/s0169-5347(97)01237-8}, number={2}, journal={Trends in Ecology \& Evolution}, author={Gaillard, Jean-Michel and Festa-Bianchet, Marco and Yoccoz, Nigel Gilles}, year={1998}, pages={58–63}}


@article{guisan_thuiller_2005, title={Predicting species distribution: offering more than simple habitat models}, volume={8}, DOI={10.1111/j.1461-0248.2005.00792.x}, number={9}, journal={Ecology Letters}, author={Guisan, Antoine and Thuiller, Wilfried}, year={2005}, pages={993–1009}}


@article{hebblewhite_haydon_2010, title={Distinguishing technology from biology: a critical review of the use of GPS telemetry data in ecology}, volume={365}, DOI={10.1098/rstb.2010.0087}, number={1550}, journal={Philosophical Transactions of the Royal Society B: Biological Sciences}, author={Hebblewhite, M. and Haydon, D. T.}, year={2010}, pages={2303–2312}}

@book{millspaugh_2001, place={San Diego}, title={Radio tracking and animal populations}, publisher={Academic Press}, author={Millspaugh, Joshua J.}, year={2001}}

@article{martell_henny_nye_solensky_2001, title={Fall Migration Routes, Timing, and Wintering Sites of North American Ospreys as Determined by Satellite Telemetry}, volume={103}, DOI={10.1650/0010-5422(2001)103[0715:fmrtaw]2.0.co;2}, number={4}, journal={The Condor}, author={Martell, Mark S. and Henny, Charles J. and Nye, Peter E. and Solensky, Matthew J.}, year={2001}, pages={715}}

@article{mitani_watts_amsler_2010, title={Lethal intergroup aggression leads to territorial expansion in wild chimpanzees}, volume={20}, DOI={10.1016/j.cub.2010.04.021}, number={12}, journal={Current Biology}, author={Mitani, John C. and Watts, David P. and Amsler, Sylvia J.}, year={2010}}

@article{schjorring_gregersen_bregnballe_2000, title={Sex difference in criteria determining fidelity towards breeding sites in the great cormorant}, volume={69}, DOI={10.1046/j.1365-2656.2000.00385.x}, number={2}, journal={Journal of Animal Ecology}, author={Schjorring, Solveig and Gregersen, Jens and Bregnballe, Thomas}, year={2000}, pages={214–223}}

@article{singh_milner-gulland_2010, title={Conserving a moving target: planning protection for a migratory species as its distribution changes}, volume={48}, DOI={10.1111/j.1365-2664.2010.01905.x}, number={1}, journal={Journal of Applied Ecology}, author={Singh, Navinder J. and Milner-Gulland, Eleanor J.}, year={2010}, month={Dec}, pages={35–46}}

@article{wilmers_nickel_bryce_smith_wheat_yovovich_2015, title={The golden age of bio-logging: how animal-borne sensors are advancing the frontiers of ecology}, volume={96}, DOI={10.1890/14-1401.1}, number={7}, journal={Ecology}, author={Wilmers, Christopher C. and Nickel, Barry and Bryce, Caleb M. and Smith, Justine A. and Wheat, Rachel E. and Yovovich, Veronica}, year={2015}, pages={1741–1753}}

@article{bowler_benton_2005, title={Causes and consequences of animal dispersal strategies: relating individual behaviour to spatial dynamics}, volume={80}, DOI={10.1017/s1464793104006645}, number={2}, journal={Biological Reviews}, author={Bowler, Diana E. and Benton, Tim G.}, year={2005}, pages={205–225}}